@MISC{scottenc,
	author = {Geuvers, Herman},
	title = {The {Church-Scott} representation of inductive and coinductive data},
	year = {2014},
	howpublished = "{Types 2014, Paris, Draft. \url{http://www.cs.ru.nl/~herman/PUBS/ChurchScottDataTypes.pdf}}"
}

@article{findingthegreedy,
  author    = {Ivica Nikolic and
               Aashish Kolluri and
               Ilya Sergey and
               Prateek Saxena and
               Aquinas Hobor},
  title     = {Finding The Greedy, Prodigal, and Suicidal Contracts at Scale},
  journal   = {CoRR},
  volume    = {abs/1802.06038},
  year      = {2018},
  url       = {http://arxiv.org/abs/1802.06038},
  archivePrefix = {arXiv},
  eprint    = {1802.06038},
  timestamp = {Mon, 13 Aug 2018 16:47:38 +0200},
  biburl    = {https://dblp.org/rec/bib/journals/corr/abs-1802-06038},
  bibsource = {dblp computer science bibliography, https://dblp.org}
}

@article{fixmutualgeneric,
	author = {Yakushev, Alexey Rodriguez and Holdermans, Stefan and L\"{o}h, Andres and Jeuring, Johan},
	title = {Generic Programming with Fixed Points for Mutually Recursive Datatypes},
	journal = {SIGPLAN Not.},
	issue_date = {September 2009},
	volume = {44},
	number = {9},
	month = aug,
	year = {2009},
	issn = {0362-1340},
	pages = {233--244},
	numpages = {12},
	url = {http://doi.acm.org/10.1145/1631687.1596585},
	doi = {10.1145/1631687.1596585},
	acmid = {1596585},
	publisher = {ACM},
	address = {New York, NY, USA},
	keywords = {datatype-generic programming, fixed points, haskell, mutually recursive datatypes},
}

@INPROCEEDINGS{henk,
    author = {Simon Peyton Jones and Erik Meijer},
    title = {Henk: A Typed Intermediate Language},
    booktitle = {In Proc. First Int'l Workshop on Types in Compilation},
    year = {1997}
}

@article{wood2014ethereum,
     title={Ethereum: A secure decentralised generalised transaction ledger},
     author={Wood, Gavin},
     journal={Ethereum project yellow paper},
     volume={151},
     pages={1--32},
     year={2014}
 }
 
 @inproceedings{BrownP17,
  author    = {Matt Brown and
               Jens Palsberg},
  title     = {Typed self-evaluation via intensional type functions},
  booktitle = {Proceedings of the 44th {ACM} {SIGPLAN} Symposium on Principles of
               Programming Languages, {POPL} 2017, Paris, France, January 18-20,
               2017},
  pages     = {415--428},
  year      = {2017},
  crossref  = {DBLP:conf/popl/2017},
  url       = {http://dl.acm.org/citation.cfm?id=3009853},
  timestamp = {Tue, 06 Nov 2018 11:07:42 +0100},
  biburl    = {https://dblp.org/rec/bib/conf/popl/BrownP17},
  bibsource = {dblp computer science bibliography, https://dblp.org}
}